%YAML 1.1
%TAG !u! tag:unity3d.com,2011:
--- !u!29 &1
OcclusionCullingSettings:
  m_ObjectHideFlags: 0
  serializedVersion: 2
  m_OcclusionBakeSettings:
    smallestOccluder: 5
    smallestHole: 0.25
    backfaceThreshold: 100
  m_SceneGUID: 00000000000000000000000000000000
  m_OcclusionCullingData: {fileID: 0}
--- !u!104 &2
RenderSettings:
  m_ObjectHideFlags: 0
  serializedVersion: 9
  m_Fog: 1
  m_FogColor: {r: 0.69803923, g: 0.82745105, b: 0.8588236, a: 1}
  m_FogMode: 3
  m_FogDensity: 0.01
  m_LinearFogStart: 0
  m_LinearFogEnd: 300
  m_AmbientSkyColor: {r: 0.212, g: 0.227, b: 0.259, a: 1}
  m_AmbientEquatorColor: {r: 0.114, g: 0.125, b: 0.133, a: 1}
  m_AmbientGroundColor: {r: 0.047, g: 0.043, b: 0.035, a: 1}
  m_AmbientIntensity: 1
  m_AmbientMode: 0
  m_SubtractiveShadowColor: {r: 0.42, g: 0.478, b: 0.627, a: 1}
  m_SkyboxMaterial: {fileID: 2100000, guid: 16522f49031ff414abdf1f83f1b6a36c, type: 2}
  m_HaloStrength: 0.42
  m_FlareStrength: 1
  m_FlareFadeSpeed: 3
  m_HaloTexture: {fileID: 0}
  m_SpotCookie: {fileID: 10001, guid: 0000000000000000e000000000000000, type: 0}
  m_DefaultReflectionMode: 0
  m_DefaultReflectionResolution: 128
  m_ReflectionBounces: 1
  m_ReflectionIntensity: 1
  m_CustomReflection: {fileID: 0}
  m_Sun: {fileID: 0}
  m_IndirectSpecularColor: {r: 0.10502081, g: 0.13472208, b: 0.13434763, a: 1}
  m_UseRadianceAmbientProbe: 0
--- !u!157 &3
LightmapSettings:
  m_ObjectHideFlags: 0
  serializedVersion: 11
  m_GIWorkflowMode: 0
  m_GISettings:
    serializedVersion: 2
    m_BounceScale: 1
    m_IndirectOutputScale: 1
    m_AlbedoBoost: 1
    m_TemporalCoherenceThreshold: 1
    m_EnvironmentLightingMode: 0
    m_EnableBakedLightmaps: 1
    m_EnableRealtimeLightmaps: 1
  m_LightmapEditorSettings:
    serializedVersion: 10
    m_Resolution: 2
    m_BakeResolution: 40
    m_AtlasSize: 1024
    m_AO: 0
    m_AOMaxDistance: 1
    m_CompAOExponent: 1
    m_CompAOExponentDirect: 0
    m_Padding: 2
    m_LightmapParameters: {fileID: 0}
    m_LightmapsBakeMode: 1
    m_TextureCompression: 1
    m_FinalGather: 0
    m_FinalGatherFiltering: 1
    m_FinalGatherRayCount: 256
    m_ReflectionCompression: 2
    m_MixedBakeMode: 2
    m_BakeBackend: 1
    m_PVRSampling: 1
    m_PVRDirectSampleCount: 32
    m_PVRSampleCount: 500
    m_PVRBounces: 2
    m_PVRFilterTypeDirect: 0
    m_PVRFilterTypeIndirect: 0
    m_PVRFilterTypeAO: 0
    m_PVRFilteringMode: 1
    m_PVRCulling: 1
    m_PVRFilteringGaussRadiusDirect: 1
    m_PVRFilteringGaussRadiusIndirect: 5
    m_PVRFilteringGaussRadiusAO: 2
    m_PVRFilteringAtrousPositionSigmaDirect: 0.5
    m_PVRFilteringAtrousPositionSigmaIndirect: 2
    m_PVRFilteringAtrousPositionSigmaAO: 1
    m_ShowResolutionOverlay: 1
  m_LightingDataAsset: {fileID: 0}
  m_UseShadowmask: 1
--- !u!196 &4
NavMeshSettings:
  serializedVersion: 2
  m_ObjectHideFlags: 0
  m_BuildSettings:
    serializedVersion: 2
    agentTypeID: 0
    agentRadius: 0.5
    agentHeight: 2
    agentSlope: 45
    agentClimb: 0.4
    ledgeDropHeight: 0
    maxJumpAcrossDistance: 0
    minRegionArea: 2
    manualCellSize: 0
    cellSize: 0.16666667
    manualTileSize: 0
    tileSize: 256
    accuratePlacement: 0
    debug:
      m_Flags: 0
  m_NavMeshData: {fileID: 23800000, guid: d3e98d2676c6dc74a81fc725af44ff6d, type: 2}
--- !u!1001 &97086108
Prefab:
  m_ObjectHideFlags: 0
  serializedVersion: 2
  m_Modification:
    m_TransformParent: {fileID: 0}
    m_Modifications:
    - target: {fileID: 4755284037592246, guid: 191be91b70913554883b0c02fbaf1126, type: 2}
      propertyPath: m_LocalPosition.x
      value: 991.43286
      objectReference: {fileID: 0}
    - target: {fileID: 4755284037592246, guid: 191be91b70913554883b0c02fbaf1126, type: 2}
      propertyPath: m_LocalPosition.y
      value: 39.66227
      objectReference: {fileID: 0}
    - target: {fileID: 4755284037592246, guid: 191be91b70913554883b0c02fbaf1126, type: 2}
      propertyPath: m_LocalPosition.z
      value: 1023.6154
      objectReference: {fileID: 0}
    - target: {fileID: 4755284037592246, guid: 191be91b70913554883b0c02fbaf1126, type: 2}
      propertyPath: m_LocalRotation.x
      value: 0
      objectReference: {fileID: 0}
    - target: {fileID: 4755284037592246, guid: 191be91b70913554883b0c02fbaf1126, type: 2}
      propertyPath: m_LocalRotation.y
      value: 0
      objectReference: {fileID: 0}
    - target: {fileID: 4755284037592246, guid: 191be91b70913554883b0c02fbaf1126, type: 2}
      propertyPath: m_LocalRotation.z
      value: 0
      objectReference: {fileID: 0}
    - target: {fileID: 4755284037592246, guid: 191be91b70913554883b0c02fbaf1126, type: 2}
      propertyPath: m_LocalRotation.w
      value: 1
      objectReference: {fileID: 0}
    - target: {fileID: 4755284037592246, guid: 191be91b70913554883b0c02fbaf1126, type: 2}
      propertyPath: m_RootOrder
      value: 7
      objectReference: {fileID: 0}
    m_RemovedComponents: []
  m_SourcePrefab: {fileID: 100100000, guid: 191be91b70913554883b0c02fbaf1126, type: 2}
  m_IsPrefabAsset: 0
--- !u!1 &173459847
GameObject:
  m_ObjectHideFlags: 1
  m_CorrespondingSourceObject: {fileID: 0}
  m_PrefabInternal: {fileID: 0}
  serializedVersion: 6
  m_Component:
  - component: {fileID: 173459848}
  m_Layer: 0
  m_Name: UnityEngine-Recorder
  m_TagString: Untagged
  m_Icon: {fileID: 0}
  m_NavMeshLayer: 0
  m_StaticEditorFlags: 0
  m_IsActive: 1
--- !u!4 &173459848
Transform:
  m_ObjectHideFlags: 1
  m_CorrespondingSourceObject: {fileID: 0}
  m_PrefabInternal: {fileID: 0}
  m_GameObject: {fileID: 173459847}
  m_LocalRotation: {x: 0, y: 0, z: 0, w: 1}
  m_LocalPosition: {x: 0, y: 0, z: 0}
  m_LocalScale: {x: 1, y: 1, z: 1}
  m_Children:
  - {fileID: 953976891}
  m_Father: {fileID: 0}
  m_RootOrder: 8
  m_LocalEulerAnglesHint: {x: 0, y: 0, z: 0}
--- !u!1001 &360692836
Prefab:
  m_ObjectHideFlags: 0
  serializedVersion: 2
  m_Modification:
    m_TransformParent: {fileID: 1282366372}
    m_Modifications:
    - target: {fileID: 4000011368645488, guid: 41c0760bd81dd084283814f0c432b466, type: 2}
      propertyPath: m_LocalPosition.x
      value: 0
      objectReference: {fileID: 0}
    - target: {fileID: 4000011368645488, guid: 41c0760bd81dd084283814f0c432b466, type: 2}
      propertyPath: m_LocalPosition.y
      value: 0
      objectReference: {fileID: 0}
    - target: {fileID: 4000011368645488, guid: 41c0760bd81dd084283814f0c432b466, type: 2}
      propertyPath: m_LocalPosition.z
      value: 0
      objectReference: {fileID: 0}
    - target: {fileID: 4000011368645488, guid: 41c0760bd81dd084283814f0c432b466, type: 2}
      propertyPath: m_LocalRotation.x
      value: 0
      objectReference: {fileID: 0}
    - target: {fileID: 4000011368645488, guid: 41c0760bd81dd084283814f0c432b466, type: 2}
      propertyPath: m_LocalRotation.y
      value: 0
      objectReference: {fileID: 0}
    - target: {fileID: 4000011368645488, guid: 41c0760bd81dd084283814f0c432b466, type: 2}
      propertyPath: m_LocalRotation.z
      value: 0
      objectReference: {fileID: 0}
    - target: {fileID: 4000011368645488, guid: 41c0760bd81dd084283814f0c432b466, type: 2}
      propertyPath: m_LocalRotation.w
      value: 1
      objectReference: {fileID: 0}
    - target: {fileID: 4000011368645488, guid: 41c0760bd81dd084283814f0c432b466, type: 2}
      propertyPath: m_RootOrder
      value: 0
      objectReference: {fileID: 0}
    - target: {fileID: 4000013811099478, guid: 41c0760bd81dd084283814f0c432b466, type: 2}
      propertyPath: m_LocalPosition.y
      value: -0.5
      objectReference: {fileID: 0}
    - target: {fileID: 114000010315091656, guid: 41c0760bd81dd084283814f0c432b466,
        type: 2}
      propertyPath: actualBoundaries
      value: 
      objectReference: {fileID: 0}
    - target: {fileID: 114000010315091656, guid: 41c0760bd81dd084283814f0c432b466,
        type: 2}
      propertyPath: actualHeadset
      value: 
      objectReference: {fileID: 0}
    - target: {fileID: 114000010315091656, guid: 41c0760bd81dd084283814f0c432b466,
        type: 2}
      propertyPath: actualLeftController
      value: 
      objectReference: {fileID: 0}
    - target: {fileID: 114000010315091656, guid: 41c0760bd81dd084283814f0c432b466,
        type: 2}
      propertyPath: actualRightController
      value: 
      objectReference: {fileID: 0}
    - target: {fileID: 114000010315091656, guid: 41c0760bd81dd084283814f0c432b466,
        type: 2}
      propertyPath: modelAliasLeftController
      value: 
      objectReference: {fileID: 0}
    - target: {fileID: 114000010315091656, guid: 41c0760bd81dd084283814f0c432b466,
        type: 2}
      propertyPath: modelAliasRightController
      value: 
      objectReference: {fileID: 0}
    - target: {fileID: 4000011921798948, guid: 41c0760bd81dd084283814f0c432b466, type: 2}
      propertyPath: m_LocalPosition.y
      value: -0.504
      objectReference: {fileID: 0}
    - target: {fileID: 1000014262144886, guid: 41c0760bd81dd084283814f0c432b466, type: 2}
      propertyPath: m_IsActive
      value: 0
      objectReference: {fileID: 0}
    - target: {fileID: 23000012659493238, guid: 41c0760bd81dd084283814f0c432b466,
        type: 2}
      propertyPath: m_Materials.Array.data[0]
      value: 
      objectReference: {fileID: 1574635506}
    - target: {fileID: 33000013070956526, guid: 41c0760bd81dd084283814f0c432b466,
        type: 2}
      propertyPath: m_Mesh
      value: 
      objectReference: {fileID: 654197418}
    m_RemovedComponents: []
  m_SourcePrefab: {fileID: 100100000, guid: 41c0760bd81dd084283814f0c432b466, type: 2}
  m_IsPrefabAsset: 0
--- !u!114 &360692837 stripped
MonoBehaviour:
  m_CorrespondingSourceObject: {fileID: 114000010035616626, guid: 41c0760bd81dd084283814f0c432b466,
    type: 2}
  m_PrefabInternal: {fileID: 360692836}
  m_Script: {fileID: 11500000, guid: eeda6d41317f444b900e374895f14e95, type: 3}
--- !u!4 &360692838 stripped
Transform:
  m_CorrespondingSourceObject: {fileID: 4000011368645488, guid: 41c0760bd81dd084283814f0c432b466,
    type: 2}
  m_PrefabInternal: {fileID: 360692836}
--- !u!114 &360692839 stripped
MonoBehaviour:
  m_CorrespondingSourceObject: {fileID: 114000012492157348, guid: 41c0760bd81dd084283814f0c432b466,
    type: 2}
  m_PrefabInternal: {fileID: 360692836}
  m_Script: {fileID: 11500000, guid: eeda6d41317f444b900e374895f14e95, type: 3}
--- !u!114 &360692840 stripped
MonoBehaviour:
  m_CorrespondingSourceObject: {fileID: 114000013910691454, guid: 41c0760bd81dd084283814f0c432b466,
    type: 2}
  m_PrefabInternal: {fileID: 360692836}
  m_Script: {fileID: 11500000, guid: eeda6d41317f444b900e374895f14e95, type: 3}
--- !u!114 &360692841 stripped
MonoBehaviour:
  m_CorrespondingSourceObject: {fileID: 114000010315091656, guid: 41c0760bd81dd084283814f0c432b466,
    type: 2}
  m_PrefabInternal: {fileID: 360692836}
  m_Script: {fileID: 11500000, guid: eeda6d41317f444b900e374895f14e95, type: 3}
--- !u!114 &360692842 stripped
MonoBehaviour:
  m_CorrespondingSourceObject: {fileID: 114000013615672388, guid: 41c0760bd81dd084283814f0c432b466,
    type: 2}
  m_PrefabInternal: {fileID: 360692836}
  m_Script: {fileID: 11500000, guid: eeda6d41317f444b900e374895f14e95, type: 3}
--- !u!1 &635198831
GameObject:
  m_ObjectHideFlags: 0
  m_CorrespondingSourceObject: {fileID: 0}
  m_PrefabInternal: {fileID: 0}
  serializedVersion: 6
  m_Component:
  - component: {fileID: 635198833}
  - component: {fileID: 635198832}
  m_Layer: 0
  m_Name: Directional Light
  m_TagString: Untagged
  m_Icon: {fileID: 0}
  m_NavMeshLayer: 0
  m_StaticEditorFlags: 0
  m_IsActive: 1
--- !u!108 &635198832
Light:
  m_ObjectHideFlags: 0
  m_CorrespondingSourceObject: {fileID: 0}
  m_PrefabInternal: {fileID: 0}
  m_GameObject: {fileID: 635198831}
  m_Enabled: 1
  serializedVersion: 8
  m_Type: 1
  m_Color: {r: 0.7169812, g: 0.7169812, b: 0.7169812, a: 1}
  m_Intensity: 1.2
  m_Range: 10
  m_SpotAngle: 30
  m_CookieSize: 10
  m_Shadows:
    m_Type: 2
    m_Resolution: -1
    m_CustomResolution: -1
    m_Strength: 1
    m_Bias: 0.05
    m_NormalBias: 0.4
    m_NearPlane: 0.2
  m_Cookie: {fileID: 0}
  m_DrawHalo: 0
  m_Flare: {fileID: 0}
  m_RenderMode: 0
  m_CullingMask:
    serializedVersion: 2
    m_Bits: 4294967295
  m_Lightmapping: 4
  m_LightShadowCasterMode: 0
  m_AreaSize: {x: 1, y: 1}
  m_BounceIntensity: 1
  m_ColorTemperature: 6570
  m_UseColorTemperature: 0
  m_ShadowRadius: 0
  m_ShadowAngle: 0
--- !u!4 &635198833
Transform:
  m_ObjectHideFlags: 0
  m_CorrespondingSourceObject: {fileID: 0}
  m_PrefabInternal: {fileID: 0}
  m_GameObject: {fileID: 635198831}
  m_LocalRotation: {x: 0.40821788, y: -0.23456968, z: 0.10938163, w: 0.8754261}
  m_LocalPosition: {x: 0, y: 3, z: 0}
  m_LocalScale: {x: 1, y: 1, z: 1}
  m_Children: []
  m_Father: {fileID: 0}
  m_RootOrder: 1
  m_LocalEulerAnglesHint: {x: 50, y: -30, z: 0}
--- !u!43 &654197418
Mesh:
  m_ObjectHideFlags: 0
  m_CorrespondingSourceObject: {fileID: 0}
  m_PrefabInternal: {fileID: 0}
  m_Name: 
  serializedVersion: 9
  m_SubMeshes:
  - serializedVersion: 2
    firstByte: 0
    indexCount: 24
    topology: 0
    baseVertex: 0
    firstVertex: 0
    vertexCount: 8
    localAABB:
      m_Center: {x: 0, y: 0.01, z: 0}
      m_Extent: {x: 1.8499995, y: 0, z: 1.25}
  m_Shapes:
    vertices: []
    shapes: []
    channels: []
    fullWeights: []
  m_BindPose: []
  m_BoneNameHashes: 
  m_RootBoneNameHash: 0
  m_MeshCompression: 0
  m_IsReadable: 1
  m_KeepVertices: 1
  m_KeepIndices: 1
  m_IndexFormat: 0
  m_IndexBuffer: 000004000100010004000500010005000200020005000600020006000300030006000700030007000000000007000400
  m_VertexData:
    serializedVersion: 2
    m_VertexCount: 8
    m_Channels:
    - stream: 0
      offset: 0
      format: 0
      dimension: 3
    - stream: 0
      offset: 0
      format: 0
      dimension: 0
    - stream: 0
      offset: 0
      format: 0
      dimension: 0
    - stream: 0
      offset: 12
      format: 0
      dimension: 4
    - stream: 0
      offset: 28
      format: 0
      dimension: 2
    - stream: 0
      offset: 0
      format: 0
      dimension: 0
    - stream: 0
      offset: 0
      format: 0
      dimension: 0
    - stream: 0
      offset: 0
      format: 0
      dimension: 0
    - stream: 0
      offset: 0
      format: 0
      dimension: 0
    - stream: 0
      offset: 0
      format: 0
      dimension: 0
    - stream: 0
      offset: 0
      format: 0
      dimension: 0
    - stream: 0
      offset: 0
      format: 0
      dimension: 0
    - stream: 0
      offset: 0
      format: 0
      dimension: 0
    - stream: 0
      offset: 0
      format: 0
      dimension: 0
    m_DataSize: 288
    _typelessdata: 9699d93f0ad7233ccdcc8cbf000000000000803f0000803f0000803f00000000000000009699d9bf0ad7233ccdcc8cbf000000000000803f0000803f0000803f0000803f000000009699d9bf0ad7233ccdcc8c3f000000000000803f0000803f0000803f00000000000000009699d93f0ad7233ccdcc8c3f000000000000803f0000803f0000803f0000803f00000000c9ccec3f0ad7233c0000a0bf000000000000803f0000803f00000000000000000000803fc9ccecbf0ad7233c0000a0bf000000000000803f0000803f000000000000803f0000803fc9ccecbf0ad7233c0000a03f000000000000803f0000803f00000000000000000000803fc9ccec3f0ad7233c0000a03f000000000000803f0000803f000000000000803f0000803f
  m_CompressedMesh:
    m_Vertices:
      m_NumItems: 0
      m_Range: 0
      m_Start: 0
      m_Data: 
      m_BitSize: 0
    m_UV:
      m_NumItems: 0
      m_Range: 0
      m_Start: 0
      m_Data: 
      m_BitSize: 0
    m_Normals:
      m_NumItems: 0
      m_Range: 0
      m_Start: 0
      m_Data: 
      m_BitSize: 0
    m_Tangents:
      m_NumItems: 0
      m_Range: 0
      m_Start: 0
      m_Data: 
      m_BitSize: 0
    m_Weights:
      m_NumItems: 0
      m_Data: 
      m_BitSize: 0
    m_NormalSigns:
      m_NumItems: 0
      m_Data: 
      m_BitSize: 0
    m_TangentSigns:
      m_NumItems: 0
      m_Data: 
      m_BitSize: 0
    m_FloatColors:
      m_NumItems: 0
      m_Range: 0
      m_Start: 0
      m_Data: 
      m_BitSize: 0
    m_BoneIndices:
      m_NumItems: 0
      m_Data: 
      m_BitSize: 0
    m_Triangles:
      m_NumItems: 0
      m_Data: 
      m_BitSize: 0
    m_UVInfo: 0
  m_LocalAABB:
    m_Center: {x: 0, y: 0.01, z: 0}
    m_Extent: {x: 1.8499995, y: 0, z: 1.25}
  m_MeshUsageFlags: 0
  m_BakedConvexCollisionMesh: 
  m_BakedTriangleCollisionMesh: 
  m_MeshMetrics[0]: 1
  m_MeshMetrics[1]: 1
  m_MeshOptimized: 0
--- !u!1001 &708837290
Prefab:
  m_ObjectHideFlags: 0
  serializedVersion: 2
  m_Modification:
    m_TransformParent: {fileID: 1282366372}
    m_Modifications:
    - target: {fileID: 224000013127654674, guid: d46cf6b1ad9d84a48ae7548a2a6b41b3,
        type: 2}
      propertyPath: m_LocalPosition.x
      value: 0
      objectReference: {fileID: 0}
    - target: {fileID: 224000013127654674, guid: d46cf6b1ad9d84a48ae7548a2a6b41b3,
        type: 2}
      propertyPath: m_LocalPosition.y
      value: 0
      objectReference: {fileID: 0}
    - target: {fileID: 224000013127654674, guid: d46cf6b1ad9d84a48ae7548a2a6b41b3,
        type: 2}
      propertyPath: m_LocalPosition.z
      value: 0
      objectReference: {fileID: 0}
    - target: {fileID: 224000013127654674, guid: d46cf6b1ad9d84a48ae7548a2a6b41b3,
        type: 2}
      propertyPath: m_LocalRotation.x
      value: 0
      objectReference: {fileID: 0}
    - target: {fileID: 224000013127654674, guid: d46cf6b1ad9d84a48ae7548a2a6b41b3,
        type: 2}
      propertyPath: m_LocalRotation.y
      value: 0
      objectReference: {fileID: 0}
    - target: {fileID: 224000013127654674, guid: d46cf6b1ad9d84a48ae7548a2a6b41b3,
        type: 2}
      propertyPath: m_LocalRotation.z
      value: 0
      objectReference: {fileID: 0}
    - target: {fileID: 224000013127654674, guid: d46cf6b1ad9d84a48ae7548a2a6b41b3,
        type: 2}
      propertyPath: m_LocalRotation.w
      value: 1
      objectReference: {fileID: 0}
    - target: {fileID: 224000013127654674, guid: d46cf6b1ad9d84a48ae7548a2a6b41b3,
        type: 2}
      propertyPath: m_RootOrder
      value: 1
      objectReference: {fileID: 0}
    - target: {fileID: 224000013127654674, guid: d46cf6b1ad9d84a48ae7548a2a6b41b3,
        type: 2}
      propertyPath: m_AnchoredPosition.x
      value: 0
      objectReference: {fileID: 0}
    - target: {fileID: 224000013127654674, guid: d46cf6b1ad9d84a48ae7548a2a6b41b3,
        type: 2}
      propertyPath: m_AnchoredPosition.y
      value: 0
      objectReference: {fileID: 0}
    - target: {fileID: 224000013127654674, guid: d46cf6b1ad9d84a48ae7548a2a6b41b3,
        type: 2}
      propertyPath: m_SizeDelta.x
      value: 0
      objectReference: {fileID: 0}
    - target: {fileID: 224000013127654674, guid: d46cf6b1ad9d84a48ae7548a2a6b41b3,
        type: 2}
      propertyPath: m_SizeDelta.y
      value: 0
      objectReference: {fileID: 0}
    - target: {fileID: 224000013127654674, guid: d46cf6b1ad9d84a48ae7548a2a6b41b3,
        type: 2}
      propertyPath: m_AnchorMin.x
      value: 0
      objectReference: {fileID: 0}
    - target: {fileID: 224000013127654674, guid: d46cf6b1ad9d84a48ae7548a2a6b41b3,
        type: 2}
      propertyPath: m_AnchorMin.y
      value: 0
      objectReference: {fileID: 0}
    - target: {fileID: 224000013127654674, guid: d46cf6b1ad9d84a48ae7548a2a6b41b3,
        type: 2}
      propertyPath: m_AnchorMax.x
      value: 0
      objectReference: {fileID: 0}
    - target: {fileID: 224000013127654674, guid: d46cf6b1ad9d84a48ae7548a2a6b41b3,
        type: 2}
      propertyPath: m_AnchorMax.y
      value: 0
      objectReference: {fileID: 0}
    - target: {fileID: 224000013127654674, guid: d46cf6b1ad9d84a48ae7548a2a6b41b3,
        type: 2}
      propertyPath: m_Pivot.x
      value: 0
      objectReference: {fileID: 0}
    - target: {fileID: 224000013127654674, guid: d46cf6b1ad9d84a48ae7548a2a6b41b3,
        type: 2}
      propertyPath: m_Pivot.y
      value: 0
      objectReference: {fileID: 0}
    - target: {fileID: 224000013127654674, guid: d46cf6b1ad9d84a48ae7548a2a6b41b3,
        type: 2}
      propertyPath: m_LocalScale.x
      value: 0
      objectReference: {fileID: 0}
    - target: {fileID: 224000013127654674, guid: d46cf6b1ad9d84a48ae7548a2a6b41b3,
        type: 2}
      propertyPath: m_LocalScale.y
      value: 0
      objectReference: {fileID: 0}
    - target: {fileID: 224000013127654674, guid: d46cf6b1ad9d84a48ae7548a2a6b41b3,
        type: 2}
      propertyPath: m_LocalScale.z
      value: 0
      objectReference: {fileID: 0}
    - target: {fileID: 224000012326194302, guid: d46cf6b1ad9d84a48ae7548a2a6b41b3,
        type: 2}
      propertyPath: m_AnchorMin.y
      value: 1
      objectReference: {fileID: 0}
    - target: {fileID: 224000012326194302, guid: d46cf6b1ad9d84a48ae7548a2a6b41b3,
        type: 2}
      propertyPath: m_AnchorMax.y
      value: 1
      objectReference: {fileID: 0}
    - target: {fileID: 224000012326194302, guid: d46cf6b1ad9d84a48ae7548a2a6b41b3,
        type: 2}
      propertyPath: m_AnchoredPosition.x
      value: 62
      objectReference: {fileID: 0}
    - target: {fileID: 224000012326194302, guid: d46cf6b1ad9d84a48ae7548a2a6b41b3,
        type: 2}
      propertyPath: m_AnchoredPosition.y
      value: -5.357143
      objectReference: {fileID: 0}
    - target: {fileID: 224000012326194302, guid: d46cf6b1ad9d84a48ae7548a2a6b41b3,
        type: 2}
      propertyPath: m_SizeDelta.x
      value: 114
      objectReference: {fileID: 0}
    - target: {fileID: 224000012326194302, guid: d46cf6b1ad9d84a48ae7548a2a6b41b3,
        type: 2}
      propertyPath: m_SizeDelta.y
      value: 4.714286
      objectReference: {fileID: 0}
    - target: {fileID: 224000012859001416, guid: d46cf6b1ad9d84a48ae7548a2a6b41b3,
        type: 2}
      propertyPath: m_AnchorMin.y
      value: 1
      objectReference: {fileID: 0}
    - target: {fileID: 224000012859001416, guid: d46cf6b1ad9d84a48ae7548a2a6b41b3,
        type: 2}
      propertyPath: m_AnchorMax.y
      value: 1
      objectReference: {fileID: 0}
    - target: {fileID: 224000012859001416, guid: d46cf6b1ad9d84a48ae7548a2a6b41b3,
        type: 2}
      propertyPath: m_AnchoredPosition.x
      value: 62
      objectReference: {fileID: 0}
    - target: {fileID: 224000012859001416, guid: d46cf6b1ad9d84a48ae7548a2a6b41b3,
        type: 2}
      propertyPath: m_AnchoredPosition.y
      value: -2.357143
      objectReference: {fileID: 0}
    - target: {fileID: 224000012859001416, guid: d46cf6b1ad9d84a48ae7548a2a6b41b3,
        type: 2}
      propertyPath: m_SizeDelta.x
      value: 121
      objectReference: {fileID: 0}
    - target: {fileID: 224000012859001416, guid: d46cf6b1ad9d84a48ae7548a2a6b41b3,
        type: 2}
      propertyPath: m_SizeDelta.y
      value: 4.714286
      objectReference: {fileID: 0}
    - target: {fileID: 224000012504011746, guid: d46cf6b1ad9d84a48ae7548a2a6b41b3,
        type: 2}
      propertyPath: m_AnchorMin.y
      value: 1
      objectReference: {fileID: 0}
    - target: {fileID: 224000012504011746, guid: d46cf6b1ad9d84a48ae7548a2a6b41b3,
        type: 2}
      propertyPath: m_AnchorMax.y
      value: 1
      objectReference: {fileID: 0}
    - target: {fileID: 224000012504011746, guid: d46cf6b1ad9d84a48ae7548a2a6b41b3,
        type: 2}
      propertyPath: m_AnchoredPosition.x
      value: 62
      objectReference: {fileID: 0}
    - target: {fileID: 224000012504011746, guid: d46cf6b1ad9d84a48ae7548a2a6b41b3,
        type: 2}
      propertyPath: m_AnchoredPosition.y
      value: -13.071428
      objectReference: {fileID: 0}
    - target: {fileID: 224000012504011746, guid: d46cf6b1ad9d84a48ae7548a2a6b41b3,
        type: 2}
      propertyPath: m_SizeDelta.x
      value: 124
      objectReference: {fileID: 0}
    - target: {fileID: 224000012504011746, guid: d46cf6b1ad9d84a48ae7548a2a6b41b3,
        type: 2}
      propertyPath: m_SizeDelta.y
      value: 10.714286
      objectReference: {fileID: 0}
    - target: {fileID: 224000010358937380, guid: d46cf6b1ad9d84a48ae7548a2a6b41b3,
        type: 2}
      propertyPath: m_AnchorMin.y
      value: 1
      objectReference: {fileID: 0}
    - target: {fileID: 224000010358937380, guid: d46cf6b1ad9d84a48ae7548a2a6b41b3,
        type: 2}
      propertyPath: m_AnchorMax.y
      value: 1
      objectReference: {fileID: 0}
    - target: {fileID: 224000010358937380, guid: d46cf6b1ad9d84a48ae7548a2a6b41b3,
        type: 2}
      propertyPath: m_AnchoredPosition.x
      value: 64
      objectReference: {fileID: 0}
    - target: {fileID: 224000010358937380, guid: d46cf6b1ad9d84a48ae7548a2a6b41b3,
        type: 2}
      propertyPath: m_AnchoredPosition.y
      value: -5.357143
      objectReference: {fileID: 0}
    - target: {fileID: 224000010358937380, guid: d46cf6b1ad9d84a48ae7548a2a6b41b3,
        type: 2}
      propertyPath: m_SizeDelta.x
      value: 44
      objectReference: {fileID: 0}
    - target: {fileID: 224000010358937380, guid: d46cf6b1ad9d84a48ae7548a2a6b41b3,
        type: 2}
      propertyPath: m_SizeDelta.y
      value: 4.714286
      objectReference: {fileID: 0}
    - target: {fileID: 224000012747905524, guid: d46cf6b1ad9d84a48ae7548a2a6b41b3,
        type: 2}
      propertyPath: m_AnchorMin.y
      value: 1
      objectReference: {fileID: 0}
    - target: {fileID: 224000012747905524, guid: d46cf6b1ad9d84a48ae7548a2a6b41b3,
        type: 2}
      propertyPath: m_AnchorMax.y
      value: 1
      objectReference: {fileID: 0}
    - target: {fileID: 224000012747905524, guid: d46cf6b1ad9d84a48ae7548a2a6b41b3,
        type: 2}
      propertyPath: m_AnchoredPosition.x
      value: 64
      objectReference: {fileID: 0}
    - target: {fileID: 224000012747905524, guid: d46cf6b1ad9d84a48ae7548a2a6b41b3,
        type: 2}
      propertyPath: m_AnchoredPosition.y
      value: -7.714286
      objectReference: {fileID: 0}
    - target: {fileID: 224000012747905524, guid: d46cf6b1ad9d84a48ae7548a2a6b41b3,
        type: 2}
      propertyPath: m_SizeDelta.x
      value: 118
      objectReference: {fileID: 0}
    - target: {fileID: 224000012747905524, guid: d46cf6b1ad9d84a48ae7548a2a6b41b3,
        type: 2}
      propertyPath: m_SizeDelta.y
      value: 9.428572
      objectReference: {fileID: 0}
    - target: {fileID: 224000010901609716, guid: d46cf6b1ad9d84a48ae7548a2a6b41b3,
        type: 2}
      propertyPath: m_AnchorMin.y
      value: 1
      objectReference: {fileID: 0}
    - target: {fileID: 224000010901609716, guid: d46cf6b1ad9d84a48ae7548a2a6b41b3,
        type: 2}
      propertyPath: m_AnchorMax.y
      value: 1
      objectReference: {fileID: 0}
    - target: {fileID: 224000010901609716, guid: d46cf6b1ad9d84a48ae7548a2a6b41b3,
        type: 2}
      propertyPath: m_AnchoredPosition.x
      value: 64
      objectReference: {fileID: 0}
    - target: {fileID: 224000010901609716, guid: d46cf6b1ad9d84a48ae7548a2a6b41b3,
        type: 2}
      propertyPath: m_AnchoredPosition.y
      value: -4.714286
      objectReference: {fileID: 0}
    - target: {fileID: 224000010901609716, guid: d46cf6b1ad9d84a48ae7548a2a6b41b3,
        type: 2}
      propertyPath: m_SizeDelta.x
      value: 128
      objectReference: {fileID: 0}
    - target: {fileID: 224000010901609716, guid: d46cf6b1ad9d84a48ae7548a2a6b41b3,
        type: 2}
      propertyPath: m_SizeDelta.y
      value: 9.428572
      objectReference: {fileID: 0}
    - target: {fileID: 224000010722234208, guid: d46cf6b1ad9d84a48ae7548a2a6b41b3,
        type: 2}
      propertyPath: m_AnchorMin.y
      value: 1
      objectReference: {fileID: 0}
    - target: {fileID: 224000010722234208, guid: d46cf6b1ad9d84a48ae7548a2a6b41b3,
        type: 2}
      propertyPath: m_AnchorMax.y
      value: 1
      objectReference: {fileID: 0}
    - target: {fileID: 224000010722234208, guid: d46cf6b1ad9d84a48ae7548a2a6b41b3,
        type: 2}
      propertyPath: m_AnchoredPosition.x
      value: 64
      objectReference: {fileID: 0}
    - target: {fileID: 224000010722234208, guid: d46cf6b1ad9d84a48ae7548a2a6b41b3,
        type: 2}
      propertyPath: m_AnchoredPosition.y
      value: -17.785715
      objectReference: {fileID: 0}
    - target: {fileID: 224000010722234208, guid: d46cf6b1ad9d84a48ae7548a2a6b41b3,
        type: 2}
      propertyPath: m_SizeDelta.x
      value: 128
      objectReference: {fileID: 0}
    - target: {fileID: 224000010722234208, guid: d46cf6b1ad9d84a48ae7548a2a6b41b3,
        type: 2}
      propertyPath: m_SizeDelta.y
      value: 10.714286
      objectReference: {fileID: 0}
    - target: {fileID: 224000010535295132, guid: d46cf6b1ad9d84a48ae7548a2a6b41b3,
        type: 2}
      propertyPath: m_AnchorMin.y
      value: 1
      objectReference: {fileID: 0}
    - target: {fileID: 224000010535295132, guid: d46cf6b1ad9d84a48ae7548a2a6b41b3,
        type: 2}
      propertyPath: m_AnchorMax.y
      value: 1
      objectReference: {fileID: 0}
    - target: {fileID: 224000010535295132, guid: d46cf6b1ad9d84a48ae7548a2a6b41b3,
        type: 2}
      propertyPath: m_AnchoredPosition.x
      value: 64
      objectReference: {fileID: 0}
    - target: {fileID: 224000010535295132, guid: d46cf6b1ad9d84a48ae7548a2a6b41b3,
        type: 2}
      propertyPath: m_AnchoredPosition.y
      value: -33.857143
      objectReference: {fileID: 0}
    - target: {fileID: 224000010535295132, guid: d46cf6b1ad9d84a48ae7548a2a6b41b3,
        type: 2}
      propertyPath: m_SizeDelta.x
      value: 128
      objectReference: {fileID: 0}
    - target: {fileID: 224000010535295132, guid: d46cf6b1ad9d84a48ae7548a2a6b41b3,
        type: 2}
      propertyPath: m_SizeDelta.y
      value: 15.428572
      objectReference: {fileID: 0}
    - target: {fileID: 224000012484682510, guid: d46cf6b1ad9d84a48ae7548a2a6b41b3,
        type: 2}
      propertyPath: m_AnchorMin.y
      value: 1
      objectReference: {fileID: 0}
    - target: {fileID: 224000012484682510, guid: d46cf6b1ad9d84a48ae7548a2a6b41b3,
        type: 2}
      propertyPath: m_AnchorMax.y
      value: 1
      objectReference: {fileID: 0}
    - target: {fileID: 224000012484682510, guid: d46cf6b1ad9d84a48ae7548a2a6b41b3,
        type: 2}
      propertyPath: m_AnchoredPosition.x
      value: 69
      objectReference: {fileID: 0}
    - target: {fileID: 224000012484682510, guid: d46cf6b1ad9d84a48ae7548a2a6b41b3,
        type: 2}
      propertyPath: m_AnchoredPosition.y
      value: -14.214286
      objectReference: {fileID: 0}
    - target: {fileID: 224000012484682510, guid: d46cf6b1ad9d84a48ae7548a2a6b41b3,
        type: 2}
      propertyPath: m_SizeDelta.x
      value: 124
      objectReference: {fileID: 0}
    - target: {fileID: 224000012484682510, guid: d46cf6b1ad9d84a48ae7548a2a6b41b3,
        type: 2}
      propertyPath: m_SizeDelta.y
      value: 18.428572
      objectReference: {fileID: 0}
    - target: {fileID: 224000010031187690, guid: d46cf6b1ad9d84a48ae7548a2a6b41b3,
        type: 2}
      propertyPath: m_AnchorMin.y
      value: 1
      objectReference: {fileID: 0}
    - target: {fileID: 224000010031187690, guid: d46cf6b1ad9d84a48ae7548a2a6b41b3,
        type: 2}
      propertyPath: m_AnchorMax.y
      value: 1
      objectReference: {fileID: 0}
    - target: {fileID: 224000010031187690, guid: d46cf6b1ad9d84a48ae7548a2a6b41b3,
        type: 2}
      propertyPath: m_AnchoredPosition.x
      value: 69
      objectReference: {fileID: 0}
    - target: {fileID: 224000010031187690, guid: d46cf6b1ad9d84a48ae7548a2a6b41b3,
        type: 2}
      propertyPath: m_AnchoredPosition.y
      value: -47.214287
      objectReference: {fileID: 0}
    - target: {fileID: 224000010031187690, guid: d46cf6b1ad9d84a48ae7548a2a6b41b3,
        type: 2}
      propertyPath: m_SizeDelta.x
      value: 128
      objectReference: {fileID: 0}
    - target: {fileID: 224000010031187690, guid: d46cf6b1ad9d84a48ae7548a2a6b41b3,
        type: 2}
      propertyPath: m_SizeDelta.y
      value: 41.57143
      objectReference: {fileID: 0}
    - target: {fileID: 224000012623161658, guid: d46cf6b1ad9d84a48ae7548a2a6b41b3,
        type: 2}
      propertyPath: m_AnchorMin.y
      value: 1
      objectReference: {fileID: 0}
    - target: {fileID: 224000012623161658, guid: d46cf6b1ad9d84a48ae7548a2a6b41b3,
        type: 2}
      propertyPath: m_AnchorMax.y
      value: 1
      objectReference: {fileID: 0}
    - target: {fileID: 224000012623161658, guid: d46cf6b1ad9d84a48ae7548a2a6b41b3,
        type: 2}
      propertyPath: m_AnchoredPosition.x
      value: 69
      objectReference: {fileID: 0}
    - target: {fileID: 224000012623161658, guid: d46cf6b1ad9d84a48ae7548a2a6b41b3,
        type: 2}
      propertyPath: m_AnchoredPosition.y
      value: -46.5
      objectReference: {fileID: 0}
    - target: {fileID: 224000012623161658, guid: d46cf6b1ad9d84a48ae7548a2a6b41b3,
        type: 2}
      propertyPath: m_SizeDelta.x
      value: 138
      objectReference: {fileID: 0}
    - target: {fileID: 224000012623161658, guid: d46cf6b1ad9d84a48ae7548a2a6b41b3,
        type: 2}
      propertyPath: m_SizeDelta.y
      value: 73
      objectReference: {fileID: 0}
    m_RemovedComponents: []
  m_SourcePrefab: {fileID: 100100000, guid: d46cf6b1ad9d84a48ae7548a2a6b41b3, type: 2}
  m_IsPrefabAsset: 0
--- !u!224 &708837291 stripped
RectTransform:
  m_CorrespondingSourceObject: {fileID: 224000013127654674, guid: d46cf6b1ad9d84a48ae7548a2a6b41b3,
    type: 2}
  m_PrefabInternal: {fileID: 708837290}
--- !u!1 &806055254
GameObject:
  m_ObjectHideFlags: 0
  m_CorrespondingSourceObject: {fileID: 0}
  m_PrefabInternal: {fileID: 0}
  serializedVersion: 6
  m_Component:
  - component: {fileID: 806055255}
  m_Layer: 0
  m_Name: '[VRTK_Scripts]'
  m_TagString: Untagged
  m_Icon: {fileID: 0}
  m_NavMeshLayer: 0
  m_StaticEditorFlags: 0
  m_IsActive: 1
--- !u!4 &806055255
Transform:
  m_ObjectHideFlags: 0
  m_CorrespondingSourceObject: {fileID: 0}
  m_PrefabInternal: {fileID: 0}
  m_GameObject: {fileID: 806055254}
  m_LocalRotation: {x: -0, y: -0, z: -0, w: 1}
  m_LocalPosition: {x: 0, y: 0, z: 0}
  m_LocalScale: {x: 1, y: 1, z: 1}
  m_Children:
  - {fileID: 1886560621}
  - {fileID: 942716163}
  m_Father: {fileID: 0}
  m_RootOrder: 4
  m_LocalEulerAnglesHint: {x: 0, y: 0, z: 0}
--- !u!1 &876427402
GameObject:
  m_ObjectHideFlags: 0
  m_CorrespondingSourceObject: {fileID: 0}
  m_PrefabInternal: {fileID: 0}
  serializedVersion: 6
  m_Component:
  - component: {fileID: 876427406}
  - component: {fileID: 876427405}
  - component: {fileID: 876427404}
  - component: {fileID: 876427403}
  m_Layer: 0
  m_Name: Cube
  m_TagString: Untagged
  m_Icon: {fileID: 0}
  m_NavMeshLayer: 0
  m_StaticEditorFlags: 0
  m_IsActive: 1
--- !u!65 &876427403
BoxCollider:
  m_ObjectHideFlags: 0
  m_CorrespondingSourceObject: {fileID: 0}
  m_PrefabInternal: {fileID: 0}
  m_GameObject: {fileID: 876427402}
  m_Material: {fileID: 0}
  m_IsTrigger: 0
  m_Enabled: 1
  serializedVersion: 2
  m_Size: {x: 1, y: 1, z: 1}
  m_Center: {x: 0, y: 0, z: 0}
--- !u!23 &876427404
MeshRenderer:
  m_ObjectHideFlags: 0
  m_CorrespondingSourceObject: {fileID: 0}
  m_PrefabInternal: {fileID: 0}
  m_GameObject: {fileID: 876427402}
  m_Enabled: 1
  m_CastShadows: 1
  m_ReceiveShadows: 1
  m_DynamicOccludee: 1
  m_MotionVectors: 1
  m_LightProbeUsage: 1
  m_ReflectionProbeUsage: 1
  m_RenderingLayerMask: 4294967295
  m_Materials:
  - {fileID: 2100000, guid: 33af27359b49eda48829e2c0bf1e12b8, type: 2}
  m_StaticBatchInfo:
    firstSubMesh: 0
    subMeshCount: 0
  m_StaticBatchRoot: {fileID: 0}
  m_ProbeAnchor: {fileID: 0}
  m_LightProbeVolumeOverride: {fileID: 0}
  m_ScaleInLightmap: 1
  m_PreserveUVs: 0
  m_IgnoreNormalsForChartDetection: 0
  m_ImportantGI: 0
  m_StitchLightmapSeams: 0
  m_SelectedEditorRenderState: 3
  m_MinimumChartSize: 4
  m_AutoUVMaxDistance: 0.5
  m_AutoUVMaxAngle: 89
  m_LightmapParameters: {fileID: 0}
  m_SortingLayerID: 0
  m_SortingLayer: 0
  m_SortingOrder: 0
--- !u!33 &876427405
MeshFilter:
  m_ObjectHideFlags: 0
  m_CorrespondingSourceObject: {fileID: 0}
  m_PrefabInternal: {fileID: 0}
  m_GameObject: {fileID: 876427402}
  m_Mesh: {fileID: 10202, guid: 0000000000000000e000000000000000, type: 0}
--- !u!4 &876427406
Transform:
  m_ObjectHideFlags: 0
  m_CorrespondingSourceObject: {fileID: 0}
  m_PrefabInternal: {fileID: 0}
  m_GameObject: {fileID: 876427402}
  m_LocalRotation: {x: 0, y: 0, z: 0, w: 1}
  m_LocalPosition: {x: 0, y: 0.44, z: 0}
  m_LocalScale: {x: 1, y: 1, z: 1}
  m_Children: []
  m_Father: {fileID: 0}
  m_RootOrder: 5
  m_LocalEulerAnglesHint: {x: 0, y: 0, z: 0}
--- !u!1 &942716162
GameObject:
  m_ObjectHideFlags: 0
  m_CorrespondingSourceObject: {fileID: 0}
  m_PrefabInternal: {fileID: 0}
  serializedVersion: 6
  m_Component:
  - component: {fileID: 942716163}
  - component: {fileID: 942716168}
  - component: {fileID: 942716166}
  - component: {fileID: 942716165}
  - component: {fileID: 942716164}
  m_Layer: 0
  m_Name: RightController
  m_TagString: Untagged
  m_Icon: {fileID: 0}
  m_NavMeshLayer: 0
  m_StaticEditorFlags: 0
  m_IsActive: 1
--- !u!4 &942716163
Transform:
  m_ObjectHideFlags: 0
  m_CorrespondingSourceObject: {fileID: 0}
  m_PrefabInternal: {fileID: 0}
  m_GameObject: {fileID: 942716162}
  m_LocalRotation: {x: -0, y: -0, z: -0, w: 1}
  m_LocalPosition: {x: 0, y: 0, z: 0}
  m_LocalScale: {x: 1, y: 1, z: 1}
  m_Children: []
  m_Father: {fileID: 806055255}
  m_RootOrder: 1
  m_LocalEulerAnglesHint: {x: 0, y: 0, z: 0}
--- !u!114 &942716164
MonoBehaviour:
  m_ObjectHideFlags: 0
  m_CorrespondingSourceObject: {fileID: 0}
  m_PrefabInternal: {fileID: 0}
  m_GameObject: {fileID: 942716162}
  m_Enabled: 1
  m_EditorHideFlags: 0
  m_Script: {fileID: 11500000, guid: 65eb64f0f2fd6d64faddbcf5d7d3bdbb, type: 3}
  m_Name: 
  m_EditorClassIdentifier: 
  useButton: 3
  controllerEvents: {fileID: 0}
  interactTouch: {fileID: 0}
  interactGrab: {fileID: 0}
--- !u!114 &942716165
MonoBehaviour:
  m_ObjectHideFlags: 0
  m_CorrespondingSourceObject: {fileID: 0}
  m_PrefabInternal: {fileID: 0}
  m_GameObject: {fileID: 942716162}
  m_Enabled: 1
  m_EditorHideFlags: 0
  m_Script: {fileID: 11500000, guid: 947b27445602ed640b885db7e667dfc1, type: 3}
  m_Name: 
  m_EditorClassIdentifier: 
  grabButton: 7
  grabPrecognition: 0
  throwMultiplier: 1
  createRigidBodyWhenNotTouching: 0
  controllerAttachPoint: {fileID: 0}
  controllerEvents: {fileID: 0}
  interactTouch: {fileID: 0}
--- !u!114 &942716166
MonoBehaviour:
  m_ObjectHideFlags: 0
  m_CorrespondingSourceObject: {fileID: 0}
  m_PrefabInternal: {fileID: 0}
  m_GameObject: {fileID: 942716162}
  m_Enabled: 1
  m_EditorHideFlags: 0
  m_Script: {fileID: 11500000, guid: 64e104da36bd3b04b90c6ae969ac66dc, type: 3}
  m_Name: 
  m_EditorClassIdentifier: 
  customColliderContainer: {fileID: 0}
--- !u!114 &942716168
MonoBehaviour:
  m_ObjectHideFlags: 0
  m_CorrespondingSourceObject: {fileID: 0}
  m_PrefabInternal: {fileID: 0}
  m_GameObject: {fileID: 942716162}
  m_Enabled: 1
  m_EditorHideFlags: 0
  m_Script: {fileID: 11500000, guid: eba3cd5456cd79e49948f5ceb58544b4, type: 3}
  m_Name: 
  m_EditorClassIdentifier: 
  pointerToggleButton: 10
  pointerSetButton: 10
  grabToggleButton: 7
  useToggleButton: 3
  uiClickButton: 3
  menuToggleButton: 14
  axisFidelity: 1
  triggerClickThreshold: 1
  triggerForceZeroThreshold: 0.01
  triggerAxisZeroOnUntouch: 0
  gripClickThreshold: 1
  gripForceZeroThreshold: 0.01
  gripAxisZeroOnUntouch: 0
  triggerPressed: 0
  triggerTouched: 0
  triggerHairlinePressed: 0
  triggerClicked: 0
  triggerAxisChanged: 0
  gripPressed: 0
  gripTouched: 0
  gripHairlinePressed: 0
  gripClicked: 0
  gripAxisChanged: 0
  touchpadPressed: 0
  touchpadTouched: 0
  touchpadAxisChanged: 0
  buttonOnePressed: 0
  buttonOneTouched: 0
  buttonTwoPressed: 0
  buttonTwoTouched: 0
  startMenuPressed: 0
  pointerPressed: 0
  grabPressed: 0
  usePressed: 0
  uiClickPressed: 0
  menuPressed: 0
  controllerVisible: 1
--- !u!1 &953976890
GameObject:
  m_ObjectHideFlags: 0
  m_CorrespondingSourceObject: {fileID: 0}
  m_PrefabInternal: {fileID: 0}
  serializedVersion: 6
  m_Component:
  - component: {fileID: 953976891}
  m_Layer: 0
  m_Name: Settings
  m_TagString: Untagged
  m_Icon: {fileID: 0}
  m_NavMeshLayer: 0
  m_StaticEditorFlags: 0
  m_IsActive: 1
--- !u!4 &953976891
Transform:
  m_ObjectHideFlags: 0
  m_CorrespondingSourceObject: {fileID: 0}
  m_PrefabInternal: {fileID: 0}
  m_GameObject: {fileID: 953976890}
  m_LocalRotation: {x: -0, y: -0, z: -0, w: 1}
  m_LocalPosition: {x: 0, y: 0, z: 0}
  m_LocalScale: {x: 1, y: 1, z: 1}
  m_Children:
  - {fileID: 1355306968}
  m_Father: {fileID: 173459848}
  m_RootOrder: 0
  m_LocalEulerAnglesHint: {x: 0, y: 0, z: 0}
--- !u!114 &962528468
MonoBehaviour:
  m_ObjectHideFlags: 0
  m_CorrespondingSourceObject: {fileID: 0}
  m_PrefabInternal: {fileID: 0}
  m_GameObject: {fileID: 0}
  m_Enabled: 1
  m_EditorHideFlags: 0
  m_Script: {fileID: 11500000, guid: c011637fb4c894c56a9178092966b5ac, type: 3}
  m_Name: c4730b77-9680-4534-bba9-ae85e658046a
  m_EditorClassIdentifier: 
  m_DisplayName: Animation
  m_Id: aa447da3-1b4c-490a-b05f-fdb61e3d1ad5
  gameObject: {fileID: 0}
  enabled: 0
  recursive: 1
  fold: 1
  bindingTypeName: []
--- !u!1 &1282366371
GameObject:
  m_ObjectHideFlags: 0
  m_CorrespondingSourceObject: {fileID: 0}
  m_PrefabInternal: {fileID: 0}
  serializedVersion: 6
  m_Component:
  - component: {fileID: 1282366372}
  - component: {fileID: 1282366373}
  m_Layer: 0
  m_Name: '[VRTK_SDKManager]'
  m_TagString: Untagged
  m_Icon: {fileID: 0}
  m_NavMeshLayer: 0
  m_StaticEditorFlags: 0
  m_IsActive: 1
--- !u!4 &1282366372
Transform:
  m_ObjectHideFlags: 0
  m_CorrespondingSourceObject: {fileID: 0}
  m_PrefabInternal: {fileID: 0}
  m_GameObject: {fileID: 1282366371}
  m_LocalRotation: {x: 0, y: 0, z: 0, w: 1}
  m_LocalPosition: {x: 0, y: 0, z: 0}
  m_LocalScale: {x: 1, y: 1, z: 1}
  m_Children:
  - {fileID: 360692838}
  - {fileID: 708837291}
  m_Father: {fileID: 0}
  m_RootOrder: 3
  m_LocalEulerAnglesHint: {x: 0, y: 0, z: 0}
--- !u!114 &1282366373
MonoBehaviour:
  m_ObjectHideFlags: 0
  m_CorrespondingSourceObject: {fileID: 0}
  m_PrefabInternal: {fileID: 0}
  m_GameObject: {fileID: 1282366371}
  m_Enabled: 1
  m_EditorHideFlags: 0
  m_Script: {fileID: 11500000, guid: 5837af0260a118e4d808bfe0405429a1, type: 3}
  m_Name: 
  m_EditorClassIdentifier: 
  persistOnLoad: 0
  autoManageScriptDefines: 1
  activeScriptingDefineSymbolsWithoutSDKClasses:
  - symbol: VRTK_DEFINE_SDK_OCULUS_AVATAR
    buildTargetGroupName: Standalone
  scriptAliasLeftController: {fileID: 1886560620}
  scriptAliasRightController: {fileID: 942716162}
  autoManageVRSettings: 1
  autoLoadSetup: 1
  setups:
  - {fileID: 360692842}
  - {fileID: 360692841}
  - {fileID: 360692840}
  - {fileID: 360692839}
  - {fileID: 360692837}
--- !u!1 &1355306967
GameObject:
  m_ObjectHideFlags: 0
  m_CorrespondingSourceObject: {fileID: 0}
  m_PrefabInternal: {fileID: 0}
  serializedVersion: 6
  m_Component:
  - component: {fileID: 1355306968}
  - component: {fileID: 1355306969}
  m_Layer: 0
  m_Name: 7debae7cab9c66a44b6cebe08c75631e
  m_TagString: Untagged
  m_Icon: {fileID: 0}
  m_NavMeshLayer: 0
  m_StaticEditorFlags: 0
  m_IsActive: 1
--- !u!4 &1355306968
Transform:
  m_ObjectHideFlags: 0
  m_CorrespondingSourceObject: {fileID: 0}
  m_PrefabInternal: {fileID: 0}
  m_GameObject: {fileID: 1355306967}
  m_LocalRotation: {x: -0, y: -0, z: -0, w: 1}
  m_LocalPosition: {x: 0, y: 0, z: 0}
  m_LocalScale: {x: 1, y: 1, z: 1}
  m_Children: []
  m_Father: {fileID: 953976891}
  m_RootOrder: 0
  m_LocalEulerAnglesHint: {x: 0, y: 0, z: 0}
--- !u!114 &1355306969
MonoBehaviour:
  m_ObjectHideFlags: 0
  m_CorrespondingSourceObject: {fileID: 0}
  m_PrefabInternal: {fileID: 0}
  m_GameObject: {fileID: 1355306967}
  m_Enabled: 1
  m_EditorHideFlags: 0
  m_Script: {fileID: 11500000, guid: 393ba449d1ca2d84ead6595000d41c14, type: 3}
  m_Name: 
  m_EditorClassIdentifier: 
  m_Settings:
  - {fileID: 962528468}
--- !u!1 &1573782259
GameObject:
  m_ObjectHideFlags: 0
  m_CorrespondingSourceObject: {fileID: 0}
  m_PrefabInternal: {fileID: 0}
  serializedVersion: 6
  m_Component:
  - component: {fileID: 1573782262}
  - component: {fileID: 1573782261}
  - component: {fileID: 1573782260}
  m_Layer: 0
  m_Name: Main Camera
  m_TagString: MainCamera
  m_Icon: {fileID: 0}
  m_NavMeshLayer: 0
  m_StaticEditorFlags: 0
  m_IsActive: 1
--- !u!81 &1573782260
AudioListener:
  m_ObjectHideFlags: 0
  m_CorrespondingSourceObject: {fileID: 0}
  m_PrefabInternal: {fileID: 0}
  m_GameObject: {fileID: 1573782259}
  m_Enabled: 1
--- !u!20 &1573782261
Camera:
  m_ObjectHideFlags: 0
  m_CorrespondingSourceObject: {fileID: 0}
  m_PrefabInternal: {fileID: 0}
  m_GameObject: {fileID: 1573782259}
  m_Enabled: 1
  serializedVersion: 2
  m_ClearFlags: 1
  m_BackGroundColor: {r: 0.19215687, g: 0.3019608, b: 0.4745098, a: 0}
  m_projectionMatrixMode: 1
  m_SensorSize: {x: 36, y: 24}
  m_LensShift: {x: 0, y: 0}
  m_FocalLength: 50
  m_NormalizedViewPortRect:
    serializedVersion: 2
    x: 0
    y: 0
    width: 1
    height: 1
  near clip plane: 0.3
  far clip plane: 1000
  field of view: 60
  orthographic: 0
  orthographic size: 5
  m_Depth: -1
  m_CullingMask:
    serializedVersion: 2
    m_Bits: 4294967295
  m_RenderingPath: -1
  m_TargetTexture: {fileID: 0}
  m_TargetDisplay: 0
  m_TargetEye: 3
  m_HDR: 1
  m_AllowMSAA: 1
  m_AllowDynamicResolution: 0
  m_ForceIntoRT: 0
  m_OcclusionCulling: 1
  m_StereoConvergence: 10
  m_StereoSeparation: 0.022
--- !u!4 &1573782262
Transform:
  m_ObjectHideFlags: 0
  m_CorrespondingSourceObject: {fileID: 0}
  m_PrefabInternal: {fileID: 0}
  m_GameObject: {fileID: 1573782259}
  m_LocalRotation: {x: 0, y: 0, z: 0, w: 1}
  m_LocalPosition: {x: 0, y: 1, z: -10}
  m_LocalScale: {x: 1, y: 1, z: 1}
  m_Children: []
  m_Father: {fileID: 0}
  m_RootOrder: 0
  m_LocalEulerAnglesHint: {x: 0, y: 0, z: 0}
--- !u!21 &1574635506
Material:
  serializedVersion: 6
  m_ObjectHideFlags: 0
  m_CorrespondingSourceObject: {fileID: 0}
  m_PrefabInternal: {fileID: 0}
  m_Name: Sprites/Default
  m_Shader: {fileID: 10753, guid: 0000000000000000f000000000000000, type: 0}
  m_ShaderKeywords: 
  m_LightmapFlags: 4
  m_EnableInstancingVariants: 0
  m_DoubleSidedGI: 0
  m_CustomRenderQueue: -1
  stringTagMap: {}
  disabledShaderPasses: []
  m_SavedProperties:
    serializedVersion: 3
    m_TexEnvs:
    - _AlphaTex:
        m_Texture: {fileID: 0}
        m_Scale: {x: 1, y: 1}
        m_Offset: {x: 0, y: 0}
    - _MainTex:
        m_Texture: {fileID: 0}
        m_Scale: {x: 1, y: 1}
        m_Offset: {x: 0, y: 0}
    m_Floats:
    - PixelSnap: 0
    - _EnableExternalAlpha: 0
    m_Colors:
    - _Color: {r: 1, g: 1, b: 1, a: 1}
    - _Flip: {r: 1, g: 1, b: 1, a: 1}
    - _RendererColor: {r: 1, g: 1, b: 1, a: 1}
--- !u!1 &1651792044
GameObject:
  m_ObjectHideFlags: 0
  m_CorrespondingSourceObject: {fileID: 0}
  m_PrefabInternal: {fileID: 0}
  serializedVersion: 6
  m_Component:
  - component: {fileID: 1651792048}
  - component: {fileID: 1651792047}
  - component: {fileID: 1651792046}
  - component: {fileID: 1651792045}
  m_Layer: 0
  m_Name: Plane
  m_TagString: PlayArea
  m_Icon: {fileID: 0}
  m_NavMeshLayer: 0
  m_StaticEditorFlags: 8
  m_IsActive: 1
--- !u!64 &1651792045
MeshCollider:
  m_ObjectHideFlags: 0
  m_CorrespondingSourceObject: {fileID: 0}
  m_PrefabInternal: {fileID: 0}
  m_GameObject: {fileID: 1651792044}
  m_Material: {fileID: 0}
  m_IsTrigger: 0
  m_Enabled: 1
  serializedVersion: 3
  m_Convex: 0
  m_CookingOptions: 14
  m_SkinWidth: 0.01
  m_Mesh: {fileID: 10209, guid: 0000000000000000e000000000000000, type: 0}
--- !u!23 &1651792046
MeshRenderer:
  m_ObjectHideFlags: 0
  m_CorrespondingSourceObject: {fileID: 0}
  m_PrefabInternal: {fileID: 0}
  m_GameObject: {fileID: 1651792044}
  m_Enabled: 1
  m_CastShadows: 1
  m_ReceiveShadows: 1
  m_DynamicOccludee: 1
  m_MotionVectors: 1
  m_LightProbeUsage: 1
  m_ReflectionProbeUsage: 1
  m_RenderingLayerMask: 4294967295
  m_Materials:
  - {fileID: 2100000, guid: fa756b232992781448908e45ad28eece, type: 2}
  m_StaticBatchInfo:
    firstSubMesh: 0
    subMeshCount: 0
  m_StaticBatchRoot: {fileID: 0}
  m_ProbeAnchor: {fileID: 0}
  m_LightProbeVolumeOverride: {fileID: 0}
  m_ScaleInLightmap: 1
  m_PreserveUVs: 0
  m_IgnoreNormalsForChartDetection: 0
  m_ImportantGI: 0
  m_StitchLightmapSeams: 0
  m_SelectedEditorRenderState: 3
  m_MinimumChartSize: 4
  m_AutoUVMaxDistance: 0.5
  m_AutoUVMaxAngle: 89
  m_LightmapParameters: {fileID: 0}
  m_SortingLayerID: 0
  m_SortingLayer: 0
  m_SortingOrder: 0
--- !u!33 &1651792047
MeshFilter:
  m_ObjectHideFlags: 0
  m_CorrespondingSourceObject: {fileID: 0}
  m_PrefabInternal: {fileID: 0}
  m_GameObject: {fileID: 1651792044}
  m_Mesh: {fileID: 10209, guid: 0000000000000000e000000000000000, type: 0}
--- !u!4 &1651792048
Transform:
  m_ObjectHideFlags: 0
  m_CorrespondingSourceObject: {fileID: 0}
  m_PrefabInternal: {fileID: 0}
  m_GameObject: {fileID: 1651792044}
  m_LocalRotation: {x: 0, y: 0, z: 0, w: 1}
  m_LocalPosition: {x: 0, y: 0, z: 0}
  m_LocalScale: {x: 100, y: 1, z: 100}
  m_Children: []
  m_Father: {fileID: 0}
  m_RootOrder: 2
  m_LocalEulerAnglesHint: {x: 0, y: 0, z: 0}
--- !u!1001 &1662290759
Prefab:
  m_ObjectHideFlags: 0
  serializedVersion: 2
  m_Modification:
    m_TransformParent: {fileID: 0}
    m_Modifications:
    - target: {fileID: 4239168155784570, guid: 409290ca04a3142c6866e2785686fea4, type: 2}
      propertyPath: m_LocalPosition.x
      value: 0.118
      objectReference: {fileID: 0}
    - target: {fileID: 4239168155784570, guid: 409290ca04a3142c6866e2785686fea4, type: 2}
      propertyPath: m_LocalPosition.y
      value: 1.034
      objectReference: {fileID: 0}
    - target: {fileID: 4239168155784570, guid: 409290ca04a3142c6866e2785686fea4, type: 2}
      propertyPath: m_LocalPosition.z
      value: 0.096
      objectReference: {fileID: 0}
    - target: {fileID: 4239168155784570, guid: 409290ca04a3142c6866e2785686fea4, type: 2}
      propertyPath: m_LocalRotation.x
      value: -0.72783494
      objectReference: {fileID: 0}
    - target: {fileID: 4239168155784570, guid: 409290ca04a3142c6866e2785686fea4, type: 2}
      propertyPath: m_LocalRotation.y
      value: -0
      objectReference: {fileID: 0}
    - target: {fileID: 4239168155784570, guid: 409290ca04a3142c6866e2785686fea4, type: 2}
      propertyPath: m_LocalRotation.z
      value: -0
      objectReference: {fileID: 0}
    - target: {fileID: 4239168155784570, guid: 409290ca04a3142c6866e2785686fea4, type: 2}
      propertyPath: m_LocalRotation.w
      value: 0.68575245
      objectReference: {fileID: 0}
    - target: {fileID: 4239168155784570, guid: 409290ca04a3142c6866e2785686fea4, type: 2}
      propertyPath: m_RootOrder
      value: 6
      objectReference: {fileID: 0}
    m_RemovedComponents: []
  m_SourcePrefab: {fileID: 100100000, guid: 409290ca04a3142c6866e2785686fea4, type: 2}
  m_IsPrefabAsset: 0
--- !u!1 &1886560620
GameObject:
  m_ObjectHideFlags: 0
  m_CorrespondingSourceObject: {fileID: 0}
  m_PrefabInternal: {fileID: 0}
  serializedVersion: 6
  m_Component:
  - component: {fileID: 1886560621}
  - component: {fileID: 1886560626}
  - component: {fileID: 1886560624}
  - component: {fileID: 1886560623}
  - component: {fileID: 1886560622}
  m_Layer: 0
  m_Name: LeftController
  m_TagString: Untagged
  m_Icon: {fileID: 0}
  m_NavMeshLayer: 0
  m_StaticEditorFlags: 0
  m_IsActive: 1
--- !u!4 &1886560621
Transform:
  m_ObjectHideFlags: 0
  m_CorrespondingSourceObject: {fileID: 0}
  m_PrefabInternal: {fileID: 0}
  m_GameObject: {fileID: 1886560620}
  m_LocalRotation: {x: -0, y: -0, z: -0, w: 1}
  m_LocalPosition: {x: 0, y: 0, z: 0}
  m_LocalScale: {x: 1, y: 1, z: 1}
  m_Children: []
  m_Father: {fileID: 806055255}
  m_RootOrder: 0
  m_LocalEulerAnglesHint: {x: 0, y: 0, z: 0}
--- !u!114 &1886560622
MonoBehaviour:
  m_ObjectHideFlags: 0
  m_CorrespondingSourceObject: {fileID: 0}
  m_PrefabInternal: {fileID: 0}
  m_GameObject: {fileID: 1886560620}
  m_Enabled: 1
  m_EditorHideFlags: 0
  m_Script: {fileID: 11500000, guid: 65eb64f0f2fd6d64faddbcf5d7d3bdbb, type: 3}
  m_Name: 
  m_EditorClassIdentifier: 
  useButton: 3
  controllerEvents: {fileID: 0}
  interactTouch: {fileID: 0}
  interactGrab: {fileID: 0}
--- !u!114 &1886560623
MonoBehaviour:
  m_ObjectHideFlags: 0
  m_CorrespondingSourceObject: {fileID: 0}
  m_PrefabInternal: {fileID: 0}
  m_GameObject: {fileID: 1886560620}
  m_Enabled: 1
  m_EditorHideFlags: 0
  m_Script: {fileID: 11500000, guid: 947b27445602ed640b885db7e667dfc1, type: 3}
  m_Name: 
  m_EditorClassIdentifier: 
  grabButton: 7
  grabPrecognition: 0
  throwMultiplier: 1
  createRigidBodyWhenNotTouching: 0
  controllerAttachPoint: {fileID: 0}
  controllerEvents: {fileID: 0}
  interactTouch: {fileID: 0}
--- !u!114 &1886560624
MonoBehaviour:
  m_ObjectHideFlags: 0
  m_CorrespondingSourceObject: {fileID: 0}
  m_PrefabInternal: {fileID: 0}
  m_GameObject: {fileID: 1886560620}
  m_Enabled: 1
  m_EditorHideFlags: 0
  m_Script: {fileID: 11500000, guid: 64e104da36bd3b04b90c6ae969ac66dc, type: 3}
  m_Name: 
  m_EditorClassIdentifier: 
  customColliderContainer: {fileID: 0}
--- !u!114 &1886560626
MonoBehaviour:
  m_ObjectHideFlags: 0
  m_CorrespondingSourceObject: {fileID: 0}
  m_PrefabInternal: {fileID: 0}
  m_GameObject: {fileID: 1886560620}
  m_Enabled: 1
  m_EditorHideFlags: 0
  m_Script: {fileID: 11500000, guid: eba3cd5456cd79e49948f5ceb58544b4, type: 3}
  m_Name: 
  m_EditorClassIdentifier: 
  pointerToggleButton: 10
  pointerSetButton: 10
  grabToggleButton: 7
  useToggleButton: 3
  uiClickButton: 3
  menuToggleButton: 14
  axisFidelity: 1
  triggerClickThreshold: 1
  triggerForceZeroThreshold: 0.01
  triggerAxisZeroOnUntouch: 0
  gripClickThreshold: 1
  gripForceZeroThreshold: 0.01
  gripAxisZeroOnUntouch: 0
  triggerPressed: 0
  triggerTouched: 0
  triggerHairlinePressed: 0
  triggerClicked: 0
  triggerAxisChanged: 0
  gripPressed: 0
  gripTouched: 0
  gripHairlinePressed: 0
  gripClicked: 0
  gripAxisChanged: 0
  touchpadPressed: 0
  touchpadTouched: 0
  touchpadAxisChanged: 0
  buttonOnePressed: 0
  buttonOneTouched: 0
  buttonTwoPressed: 0
  buttonTwoTouched: 0
  startMenuPressed: 0
  pointerPressed: 0
  grabPressed: 0
  usePressed: 0
  uiClickPressed: 0
  menuPressed: 0
  controllerVisible: 1
